<record><leader>00000cas a2200000 a 4500</leader><controlfield tag="001">26876351</controlfield><controlfield tag="008">921028d19411968cauwr ne      0    0eng c</controlfield><datafield ind1=" " ind2=" " tag="010"><subfield code="a">sn 92068981 </subfield></datafield><datafield ind1=" " ind2=" " tag="040"><subfield code="a">CUY</subfield><subfield code="b">eng</subfield><subfield code="c">CNK</subfield><subfield code="d">OCLCQ</subfield><subfield code="d">CNK</subfield><subfield code="d">OCLCF</subfield><subfield code="d">OCLCO</subfield></datafield><datafield ind1=" " ind2=" " tag="042"><subfield code="a">pcc</subfield></datafield><datafield ind1=" " ind2=" " tag="043"><subfield code="a">n-us-ca</subfield></datafield><datafield ind1="0" ind2="4" tag="245"><subfield code="a">The Colfax weekly record.</subfield></datafield><datafield ind1=" " ind2=" " tag="260"><subfield code="a">Colfax, Calif. :</subfield><subfield code="b">R.T. Thurman</subfield></datafield><datafield ind1=" " ind2=" " tag="300"><subfield code="a">v.</subfield></datafield><datafield ind1=" " ind2=" " tag="310"><subfield code="a">Weekly</subfield></datafield><datafield ind1="0" ind2=" " tag="362"><subfield code="a">33rd year, no. 40 (Aug. 22, 1941)-60th year, no. 45 (Sept. 26, 1968).</subfield></datafield><datafield ind1=" " ind2=" " tag="530"><subfield code="a">Master negatives are available for duplication from:</subfield><subfield code="b">California Newspaper Microfilm Archive;</subfield><subfield code="c">for further information consult the CNMA at:</subfield><subfield code="u">http://cbsr.ucr.edu.</subfield></datafield><datafield ind1=" " ind2="0" tag="651"><subfield code="a">Colfax (Calif.)</subfield><subfield code="v">Newspapers.</subfield></datafield><datafield ind1=" " ind2="7" tag="655"><subfield code="a">Newspapers.</subfield><subfield code="2">fast</subfield><subfield code="0">(OCoLC)fst01423814</subfield></datafield><datafield ind1=" " ind2="7" tag="651"><subfield code="a">California</subfield><subfield code="z">Colfax.</subfield><subfield code="2">fast</subfield><subfield code="0">(OCoLC)fst01212348</subfield></datafield><datafield ind1=" " ind2=" " tag="752"><subfield code="a">United States</subfield><subfield code="b">California</subfield><subfield code="c">Placer</subfield><subfield code="d">Colfax.</subfield></datafield><datafield ind1="0" ind2="0" tag="780"><subfield code="t">Colfax weekly record and sentinel</subfield><subfield code="w">(DLC)sn 93053153</subfield></datafield><datafield ind1="0" ind2="0" tag="785"><subfield code="t">Colfax record (Colfax, Calif. : 1968)</subfield><subfield code="w">(DLC)sn 97060848</subfield></datafield></record>